@book {otStudentManual,
  author = "Church Educational System",
  title = "Old Testament Student Manual",
  year = "1980",
  publisher = "The Church of Jesus Christ of Latter-day Saints, Salt Lake City, Utah"
}

@book {gp,
  author = "The Church of Jesus Christ of Latter-day Saints",
  title = "Gospel Principles",
  year = "1979",
  publisher = "The Church of Jesus Christ of Latter-day Saints, Salt Lake City, Utah"
}

@book {gp2,
  author = "The Church of Jesus Christ of Latter-day Saints",
  title = "Gospel Principles",
  year = "2011",
  publisher = "The Church of Jesus Christ of Latter-day Saints, Salt Lake City, Utah"
}
