@book{otStudentManual,
  author = "Church Educational System",
  title = "Old Testament Student Manual",
  year = "1980",
  publisher = "The Church of Jesus Christ of Latter-day Saints, Salt Lake City, Utah"
}

@book{gp,
  author = "The Church of Jesus Christ of Latter-day Saints",
  title = "Gospel Principles",
  year = "1979",
  publisher = "The Church of Jesus Christ of Latter-day Saints, Salt Lake City, Utah"
}

@book{gp2,
  author = "The Church of Jesus Christ of Latter-day Saints",
  title = "Gospel Principles",
  year = "2009",
  publisher = "The Church of Jesus Christ of Latter-day Saints, Salt Lake City, Utah"
}

@book{myth,
  author = "Robert Graves and Raphael Patai",
  title="Hebrew Myths",
  year="1964",
  publisher = "Doubleday, New York",
  pages = "65-69"
}

@book{clark,
  author = "D. Michael Quinn",
  title = "J. Reuben Clark: The Church Years",
  year = "1983",
  publisher = "Brigham Young University Press, Utah",
  pages = "24-26"
}

@book{whitmer,
  author = "David Whitmer",
  title = "An Address to All Believers in Christ",
  year = "1887",
  pages = "198"
}

@book{franklin,
  author = "Benjamin Franklin",
  title = "Poor Richard's Almanack",
  year = "1732 to 1758"
}

@book{essentials,
	author="Joseph Fielding Smith",
	title="Essentials in Church History 27th ed.",
	year="1950",
	pages="57â€“58"
}